@article{rudnick-2017-calcs-climatology,
    title = {{A climatology of the California Current System from a network of underwater gliders}},
    year = {2017},
    journal = {Progress in Oceanography},
    author = {Rudnick, Daniel L. and Zaba, Katherine D. and Todd, Robert E. and Davis, Russ E.},
    month = {5},
    pages = {64--106},
    volume = {154},
    publisher = {Elsevier Ltd},
    doi = {10.1016/j.pocean.2017.03.002},
    issn = {00796611},
    keywords = {California Current System, Climatology, Salinity, Temperature, Underwater gliders, Velocity}
}

@article{chavez-2009-ebus,
    title = {{A comparison of Eastern Boundary Upwelling Ecosystems}},
    year = {2009},
    journal = {Progress in Oceanography},
    author = {Chavez, Francisco P. and Messi{\'{e}}, Monique},
    number = {1-4},
    month = {1},
    pages = {80--96},
    volume = {83},
    publisher = {Pergamon},
    doi = {10.1016/j.pocean.2009.07.032},
    issn = {00796611}
}

@article{faghmous-2015,
    title = {{A daily global mesoscale ocean eddy dataset from satellite altimetry}},
    year = {2015},
    journal = {Scientific Data},
    author = {Faghmous, James H. and Frenger, Ivy and Yao, Yuanshun and Warmka, Robert and Lindell, Aron and Kumar, Vipin},
    number = {1},
    month = {6},
    pages = {1--16},
    volume = {2},
    publisher = {Nature Publishing Groups},
    url = {http://www.aviso.altimetry.fr,},
    doi = {10.1038/sdata.2015.28},
    issn = {20524463},
    pmid = {26097744},
    keywords = {Climate and Earth system modelling, Physical oceanography}
}

@article{song-1994-roms-terrain-following,
    title = {{A semi-implicit ocean circulation model using a generalized topography-following coordinate system}},
    year = {1994},
    journal = {Journal of Computational Physics},
    author = {Song, Yuhe and Haidvogel, Dale},
    number = {1},
    month = {11},
    pages = {228--244},
    volume = {115},
    publisher = {Academic Press},
    doi = {10.1006/jcph.1994.1189},
    issn = {00219991}
}

@article{mcwilliams-2019-survey-subm,
    title = {{A survey of submesoscale currents}},
    year = {2019},
    journal = {Geoscience Letters},
    author = {McWilliams, James C.},
    number = {1},
    month = {12},
    pages = {1--15},
    volume = {6},
    publisher = {Springer Science and Business Media Deutschland GmbH},
    url = {https://geoscienceletters.springeropen.com/articles/10.1186/s40562-019-0133-3},
    doi = {10.1186/s40562-019-0133-3},
    issn = {21964092},
    keywords = {Coherent vortices, Density fronts and filaments, Submesoscale currents, Topographic waves}
}

@article{mcwilliams-2004-aai,
    title = {{Ageostrophic, anticyclonic instability of a geostrophic, barotropic boundary current}},
    year = {2004},
    journal = {Physics of Fluids},
    author = {McWilliams, James C. and Molemaker, M. Jeroen and Yavneh, Irad},
    number = {10},
    month = {10},
    pages = {3720--3725},
    volume = {16},
    publisher = {American Institute of Physics Inc.},
    url = {http://aip.scitation.org/doi/10.1063/1.1785132},
    doi = {10.1063/1.1785132},
    issn = {10706631},
    keywords = {eigenvalues and eigenfunctions, flow instability, geophysical fluid dynamics, shear flow, stratified flow, vortices}
}

@article{mahadevan-2006-subm-fronts-asym,
    title = {{An analysis of mechanisms for submesoscale vertical motion at ocean fronts}},
    year = {2006},
    journal = {Ocean Modelling},
    author = {Mahadevan, Amala and Tandon, Amit},
    number = {3-4},
    month = {1},
    pages = {241--256},
    volume = {14},
    publisher = {Elsevier},
    doi = {10.1016/j.ocemod.2006.05.006},
    issn = {14635003}
}

@article{friedrichs-2009-calcs-npp-obs-sat,
    title = {{Assessing the uncertainties of model estimates of primary productivity in the tropical Pacific Ocean}},
    year = {2009},
    journal = {Journal of Marine Systems},
    author = {Friedrichs, Marjorie A.M. and Carr, Mary Elena and Barber, Richard T. and Scardi, Michele and Antoine, David and Armstrong, Robert A. and Asanuma, Ichio and Behrenfeld, Michael J. and Buitenhuis, Erik T. and Chai, Fei and Christian, James R. and Ciotti, Aurea M. and Doney, Scott C. and Dowell, Mark and Dunne, John and Gentili, Bernard and Gregg, Watson and Hoepffner, Nicolas and Ishizaka, Joji and Kameda, Takahiko and Lima, Ivan and Marra, John and M{\'{e}}lin, Frédéric and Moore, J. Keith and Morel, André and O'Malley, Robert T. and O'Reilly, Jay and Saba, Vincent S. and Schmeltz, Marjorie and Smyth, Tim J. and Tjiputra, Jerry and Waters, Kirk and Westberry, Toby K. and Winguth, Arne},
    number = {1-2},
    month = {2},
    pages = {113--133},
    volume = {76},
    publisher = {Elsevier},
    doi = {10.1016/j.jmarsys.2008.05.010},
    issn = {09247963},
    keywords = {Modeling, Primary production, Remote sensing, Satellite ocean color, Statistical analysis, Tropical Pacific Ocean (15{${}^\circ$}N to 15{${}^\circ$}S and 125{${}^\circ$}E to 95{${}^\circ$}W)}
}

@article{frenger-2018-puddies,
    title = {{Biogeochemical Role of Subsurface Coherent Eddies in the Ocean: Tracer Cannonballs, Hypoxic Storms, and Microbial Stewpots?}},
    year = {2018},
    journal = {Global Biogeochemical Cycles},
    author = {Frenger, Ivy and Bianchi, Daniele and St{\"{u}}hrenberg, Carolin and Oschlies, Andreas and Dunne, John and Deutsch, Curtis and Galbraith, Eric and Sch{\"{u}}tte, Florian},
    number = {2},
    month = {2},
    pages = {226--249},
    volume = {32},
    publisher = {Blackwell Publishing Ltd},
    url = {http://doi.wiley.com/10.1002/2017GB005743},
    doi = {10.1002/2017GB005743},
    issn = {08866236},
    keywords = {coherent, eddies, hypoxic, ocean, subsurface, transport}
}

@article{deutsch-2020-subm-modeldescr,
    title = {{Biogeochemical variability in the California Current System}},
    year = {2020},
    journal = {bioRxiv},
    author = {Deutsch, Curtis and Frenzel, Hartmut and McWilliams, James and Renault, Lionel and Kessouri, Faycal and Howard, Evan and Liang, Jun-Hong and Bianchi, Daniele and Yang, Simon},
    month = {2},
    pages = {2020.02.10.942565},
    publisher = {Cold Spring Harbor Laboratory},
    url = {https://doi.org/10.1101/2020.02.10.942565},
    doi = {10.1101/2020.02.10.942565}
}

@article{levy-2012-physics-to-life,
    title = {{Bringing physics to life at the submesoscale}},
    year = {2012},
    journal = {Geophysical Research Letters},
    author = {L{\'{e}}vy, Marina and Ferrari, Raffaele and Franks, Peter J.S. and Martin, Adrian P. and Rivi{\`{e}}re, Pascal},
    number = {14},
    month = {7},
    volume = {39},
    publisher = {Blackwell Publishing Ltd},
    url = {https://agupubs.onlinelibrary.wiley.com/doi/full/10.1029/2012GL052756},
    doi = {10.1029/2012GL052756},
    issn = {00948276},
    keywords = {ecosystems, fronts, phytoplankton, submesoscale}
}

@article{fox-kemper-2019-challenges,
  author={Fox-Kemper, Baylor and Adcroft, Alistair and Böning, Claus W. and Chassignet, Eric P. and Curchitser, Enrique and Danabasoglu, Gokhan and Eden, Carsten and England, Matthew H. and Gerdes, Rüdiger and Greatbatch, Richard J. and Griffies, Stephen M. and Hallberg, Robert W. and Hanert, Emmanuel and Heimbach, Patrick and Hewitt, Helene T. and Hill, Christopher N. and Komuro, Yoshiki and Legg, Sonya and Le Sommer, Julien and Masina, Simona and Marsland, Simon J. and Penny, Stephen G. and Qiao, Fangli and Ringler, Todd D. and Treguier, Anne Marie and Tsujino, Hiroyuki and Uotila, Petteri and Yeager, Stephen G.},
  title={Challenges and Prospects in Ocean Circulation Models},
  journal={Frontiers in Marine Science},
  volume={6},
  pages={65},
  year={2019},
  url={https://www.frontiersin.org/article/10.3389/fmars.2019.00065},
  doi={10.3389/fmars.2019.00065},
  issn={2296-7745}
}

@article{huyer-1983-upwelling,
    title = "Coastal upwelling in the California current system",
    journal = "Progress in Oceanography",
    volume = "12",
    number = "3",
    pages = "259 - 284",
    year = "1983",
    issn = "0079-6611",
    doi = "https://doi.org/10.1016/0079-6611(83)90010-1",
    url = "http://www.sciencedirect.com/science/article/pii/0079661183900101",
    author = "Adriana Huyer"
}

@article{rossi-2008-stirring,
    title = {{Comparative study of mixing and biological activity of the Benguela and Canary upwelling systems}},
    year = {2008},
    journal = {Geophysical Research Letters},
    author = {Rossi, V. and L{\'{o}}pez, C. and Sudre, J. and Hern{\'{a}}ndez-Garc{\'{i}}a, E. and Gar{\c{c}}on, V.},
    number = {11},
    month = {6},
    pages = {L11602},
    volume = {35},
    publisher = {John Wiley {\&} Sons, Ltd},
    url = {http://doi.wiley.com/10.1029/2008GL033610},
    doi = {10.1029/2008GL033610},
    issn = {0094-8276},
    keywords = {eastern boundary upwelling, mixing activity, phytoplankton}
}

@article{bentsen-1999-roms-grid-telescope,
    title = {{Coordinate transformation on a sphere using conformal mapping}},
    year = {1999},
    journal = {Monthly Weather Review},
    author = {Bentsen, Mats and Evensen, Geir and Drange, Helge and Jenkins, A D},
    number = {12},
    pages = {2733--2740},
    volume = {127},
    url = {https://folk.uib.no/gbsaj/papers/BentsenM_EvensenG_DrangeH_JenkinsA_mwr-1999-2733.pdf}
}

@article{huyer-1991-jet,
    title = {{Currents and water masses of the Coastal Transition Zone off northern California, June to August 1988}},
    year = {1991},
    journal = {Journal of Geophysical Research: Oceans},
    author = {Huyer, Adriana and Kosro, P. Michael and Fleischbein, Jane and Ramp, Steven R. and Stanton, Tim and Washburn, Libe and Chavez, Francisco P. and Cowles, Timothy J. and Pierce, Stephen D. and Smith, Robert L.},
    number = {C8},
    month = {8},
    pages = {14809--14831},
    volume = {96},
    publisher = {John Wiley {\&} Sons, Ltd},
    url = {https://agupubs.onlinelibrary.wiley.com/doi/full/10.1029/91JC00641%4010.1002/%28ISSN%292169-9291.CTZ1},
    doi = {10.1029/91JC00641@10.1002/(ISSN)2169-9291.CTZ1},
    issn = {2156-2202}
}

@article{freilich-2019-w-decomp,
    title = {{Decomposition of vertical velocity for nutrient transport in the upper ocean}},
    year = {2019},
    journal = {Journal of Physical Oceanography},
    author = {Freilich, Mara A. and Mahadevan, Amala},
    number = {6},
    month = {6},
    pages = {1561--1575},
    volume = {49},
    publisher = {American Meteorological Society},
    url = {www.ametsoc.org/PUBSReuseLicenses},
    doi = {10.1175/JPO-D-19-0002.1},
    issn = {15200485}
}

@article{vic-2018-dispersion-deep-sea,
    title = {{Dispersion of deep-sea hydrothermal vent effluents and larvae by submesoscale and tidal currents}},
    year = {2018},
    journal = {Deep-Sea Research Part I: Oceanographic Research Papers},
    author = {Vic, Clément and Gula, Jonathan and Roullet, Guillaume and Pradillon, Florence},
    month = {3},
    pages = {1--18},
    volume = {133},
    publisher = {Elsevier Ltd},
    doi = {10.1016/j.dsr.2018.01.001},
    issn = {09670637},
    keywords = {Bathymodiolus, Connectivity, Hydrothermal vent, Lagrangian dispersion, Lucky Strike, Mid-Atlantic Ridge, Submesoscales, Tides}
}

@article{nagai-2015-dom-role-meso,
    title = {{Dominant role of eddies and filaments in the offshore transport of carbon and nutrients in the California Current System}},
    year = {2015},
    journal = {Journal of Geophysical Research: Oceans},
    author = {Nagai, Takeyoshi and Gruber, Nicolas and Frenzel, Hartmut and Lachkar, Zouhair and McWilliams, James C. and Plattner, Gian-Kasper},
    number = {8},
    month = {8},
    pages = {5318--5341},
    volume = {120},
    publisher = {Blackwell Publishing Ltd},
    url = {http://doi.wiley.com/10.1002/2015JC010889},
    doi = {10.1002/2015JC010889},
    issn = {21699275},
    keywords = {coastal upwelling, filament, front, mesoscale eddies, offshore transport, subduction}
}

@incollection{capet-2008-eddies-ebus,
    title = {{Eddies in eastern boundary subtropical upwelling systems}},
    year = {2008},
    booktitle = {Ocean Modeling in an Eddying Regime},
    author = {Capet, X. and Colas, F. and McWilliams, J. C. and Penven, P. and Marchesiello, P.},
    month = {3},
    pages = {131--147},
    publisher = {Wiley Blackwell},
    url = {http://doi.wiley.com/10.1029/177GM10},
    doi = {10.1029/177GM10},
    keywords = {Ocean circulation-Mathematical models, Oceanography-Mathematical models}
}

@article{chaigneau-2009-four-major-ebus,
    title = {{Eddy activity in the four major upwelling systems from satellite altimetry (1992-2007)}},
    year = {2009},
    journal = {Progress in Oceanography},
    author = {Chaigneau, Alexis and Eldin, Gérard and Dewitte, Boris},
    number = {1-4},
    month = {1},
    pages = {117--123},
    volume = {83},
    publisher = {Pergamon},
    doi = {10.1016/j.pocean.2009.07.012},
    issn = {00796611}
}

@article{kurian-2011-eddy-props,
    title = {{Eddy properties in the California Current System}},
    year = {2011},
    journal = {Journal of Geophysical Research: Oceans},
    author = {Kurian, Jaison and Colas, Francois and Capet, Xavier and McWilliams, James C. and Chelton, Dudley B.},
    number = {8},
    month = {8},
    volume = {116},
    publisher = {Blackwell Publishing Ltd},
    url = {https://agupubs.onlinelibrary.wiley.com/doi/full/10.1029/2010JC006895},
    doi = {10.1029/2010JC006895},
    issn = {21699291},
    keywords = {California Current System, eddy tracking, eddy vertical structure}
}

@article{mahadevan-2012-na-spring-bloom,
    title = {{Eddy-driven stratification initiates North Atlantic spring phytoplankton blooms}},
    year = {2012},
    journal = {Science},
    author = {Mahadevan, Amala and D'Asaro, Eric and Lee, Craig and Perry, Mary Jane},
    number = {6090},
    month = {7},
    pages = {54--58},
    volume = {336},
    publisher = {American Association for the Advancement of Science},
    url = {http://science.sciencemag.org/},
    doi = {10.1126/science.1218740},
    issn = {10959203},
    pmid = {22767922}
}

@article{omand-2015-poc-export,
    title = {{Eddy-driven subduction exports particulate organic carbon from the spring bloom}},
    year = {2015},
    journal = {Science},
    author = {Omand, Melissa M. and D'Asaro, Eric A. and Lee, Craig M. and Perry, Mary Jane and Briggs, Nathan and Cetini{\'{c}}, Ivona and Mahadevan, Amala},
    number = {6231},
    month = {4},
    pages = {222--225},
    volume = {348},
    publisher = {American Association for the Advancement of Science},
    url = {http://science.sciencemag.org/},
    doi = {10.1126/science.1260062},
    issn = {10959203},
    pmid = {25814062}
}

@article{gruber-2011-eddy-red,
    title = {{Eddy-induced reduction of biological production in eastern boundary upwelling systems}},
    year = {2011},
    journal = {Nature Geoscience},
    author = {Gruber, Nicolas and Lachkar, Zouhair and Frenzel, Hartmut and Marchesiello, Patrick and M{\"{u}}nnich, Matthias and McWilliams, James C. and Nagai, Takeyoshi and Plattner, Gian Kasper},
    number = {11},
    month = {11},
    pages = {787--792},
    volume = {4},
    publisher = {Nature Publishing Group},
    url = {www.nature.com/naturegeoscience},
    doi = {10.1038/ngeo1273},
    issn = {17520894},
    keywords = {Biogeochemistry, Physical oceanography}
}

@article{whitt-2017-ml-stratification,
    title = {{Energetic submesoscales maintain strong mixed layer stratification during an autumn storm}},
    year = {2017},
    journal = {Journal of Physical Oceanography},
    author = {Whitt, Daniel B. and Taylor, John R.},
    number = {10},
    month = {10},
    pages = {2419--2427},
    volume = {47},
    publisher = {American Meteorological Society},
    url = {www.ametsoc.org/PUBSReuseLicenses},
    doi = {10.1175/JPO-D-17-0130.1},
    issn = {15200485},
    keywords = {Eddies, Large eddy simulations, Oceanic mixed layer, Severe storms}
}

@article{dasaro-subm-dissipation-obs,
    title = {{Enhanced turbulence and energy dissipation at ocean fronts}},
    year = {2011},
    journal = {Science},
    author = {D'Asaro, Eric and Lee, Craig and Rainville, Luc and Harcourt, Ramsey and Thomas, Leif},
    number = {6027},
    month = {4},
    pages = {318--322},
    volume = {332},
    publisher = {American Association for the Advancement of Science},
    url = {http://science.sciencemag.org/},
    doi = {10.1126/science.1201515},
    issn = {00368075}
}

@incollection{shu-1998-roms-weno,
    title = {{Essentially non-oscillatory and weighted essentially non-oscillatory schemes for hyperbolic conservation laws}},
    year = {1998},
    author = {Shu, Chi-Wang},
    pages = {325--432},
    publisher = {Springer, Berlin, Heidelberg},
    url = {https://link.springer.com/chapter/10.1007/BFb0096355},
    doi = {10.1007/bfb0096355}
}

@article{carr-2001-mostprod,
    title = {{Estimation of potential productivity in Eastern Boundary Currents using remote sensing}},
    year = {2001},
    journal = {Deep-Sea Research Part II: Topical Studies in Oceanography},
    author = {Carr, Mary Elena},
    number = {1-3},
    month = {1},
    pages = {59--80},
    volume = {49},
    publisher = {Elsevier Ltd},
    doi = {10.1016/S0967-0645(01)00094-7},
    issn = {09670645}
}

@article{moreton-2020-global-eddy-comparison,
    title = {{Evaluating surface eddy properties in coupled climate simulations with ‘eddy-present’ and ‘eddy-rich’ ocean resolution}},
    year = {2020},
    journal = {Ocean Modelling},
    author = {Moreton, Sophia M. and Ferreira, David and Roberts, Malcolm J. and Hewitt, Helene T.},
    month = {3},
    pages = {101567},
    volume = {147},
    publisher = {Elsevier Ltd},
    doi = {10.1016/j.ocemod.2020.101567},
    issn = {14635003},
    keywords = {Eddy dynamics, Eddy properties, High resolution coupled global model, Mesoscale eddies}
}

@article{chelton-2011,
    title = {{Global observations of nonlinear mesoscale eddies}},
    year = {2011},
    journal = {Progress in Oceanography},
    author = {Chelton, Dudley B. and Schlax, Michael G. and Samelson, Roger M.},
    number = {2},
    month = {10},
    pages = {167--216},
    volume = {91},
    publisher = {Pergamon},
    doi = {10.1016/j.pocean.2011.01.002},
    issn = {00796611}
}

@article{haine-1998-mli,
    title = {{Gravitational, symmetric, and baroclinic instability of the ocean mixed layer}},
    year = {1998},
    journal = {Journal of Physical Oceanography},
    author = {Haine, Thomas W.N. and Marshall, John},
    number = {4},
    month = {4},
    pages = {634--658},
    volume = {28},
    publisher = {American Meteorological Society},
    url = {http://journals.ametsoc.org/jpo/article-pdf/28/4/634/4433562/1520-0485},
    doi = {10.1175/1520-0485(1998)028<0634:GSABIO>2.0.CO;2},
    issn = {00223670}
}

@article{sasaki-2014-mli-for-eddies,
    title = {{Impact of oceanic-scale interactions on the seasonal modulation of ocean dynamics by the atmosphere}},
    year = {2014},
    journal = {Nature Communications},
    author = {Sasaki, Hideharu and Klein, Patrice and Qiu, Bo and Sasai, Yoshikazu},
    number = {1},
    month = {12},
    pages = {1--8},
    volume = {5},
    publisher = {Nature Publishing Group},
    url = {www.nature.com/naturecommunications},
    doi = {10.1038/ncomms6636},
    issn = {20411723},
    keywords = {Physical oceanography}
}

@techreport{levy-2001-submesoscale-oligotrophic,
    title = {{Impact of sub-mesoscale physics on production and subduction of phytoplankton in an oligotrophic regime}},
    year = {2001},
    booktitle = {Journal of Marine Research},
    author = {L{\'{e}}vy, Marina and Klein, Patrice and Treguier, Anne-Marie},
    number = {4},
    month = {7},
    pages = {535--565},
    volume = {59},
    publisher = {Yale University},
    url = {https://archimer.ifremer.fr/doc/00000/800/},
    issn = {0022-2402},
    keywords = {Eddy field, Mesoscale physics, Oligotrophy, Phytoplankton production, Vorticity gradient}
}

@article{lapeyre-2006-subm-vertical-pump,
    title = {{Impact of the small-scale elongated filaments on the oceanic vertical pump}},
    year = {2006},
    journal = {Journal of Marine Research},
    author = {Lapeyre, Guillaume and Klein, Patrice},
    number = {6},
    month = {11},
    pages = {835--851},
    volume = {64},
    publisher = {Yale University},
    url = {https://archimer.ifremer.fr/doc/00000/2459/},
    doi = {10.1357/002224006779698369},
    issn = {00222402}
}

@mastersthesis{vandemeulebrouck-2020-roms-weno-implementation,
    title = {{Implementation and analysis of a WENO scheme}},
    year = {2020},
    author = {Vandemeulebrouck, Romain and M{\"{u}}nnich, Matthias},
    month = {1},
    school = {Faculty of Maths, Computational Science},
    address = {Lusanne}
}

@article{thomas-2005-downfront-wind,
    title = {{Intensification of ocean fronts by down-front winds}},
    year = {2005},
    journal = {Journal of Physical Oceanography},
    author = {Thomas, Leif N. and Lee, Craig M.},
    number = {6},
    month = {6},
    pages = {1086--1102},
    volume = {35},
    publisher = {American Meteorological Society},
    url = {http://journals.ametsoc.org/jpo/article-pdf/35/6/1086/4478750/jpo2737_1.pdf},
    doi = {10.1175/JPO2737.1},
    issn = {00223670}
}

@article{stern-1965-eddy-wind,
    title = {{Interaction of a uniform wind stress with a geostrophic vortex}},
    year = {1965},
    journal = {Deep-Sea Research and Oceanographic Abstracts},
    author = {Stern, Melvin E.},
    number = {3},
    month = {6},
    pages = {355--367},
    volume = {12},
    publisher = {Elsevier},
    doi = {10.1016/0011-7471(65)90007-0},
    issn = {00117471}
}

@article{levy-2012-large-scale-impacts,
    title = {{Large-scale impacts of submesoscale dynamics on phytoplankton: Local and remote effects}},
    year = {2012},
    journal = {Ocean Modelling},
    author = {L{\'{e}}vy, M. and Iovino, D. and Resplandy, L. and Klein, P. and Madec, G. and Tr{\'{e}}guier, A. M. and Masson, S. and Takahashi, K.},
    month = {1},
    pages = {77--93},
    volume = {43-44},
    publisher = {Elsevier},
    doi = {10.1016/j.ocemod.2011.12.003},
    issn = {14635003},
    keywords = {Grazing, Large-scale, Nutricline, Phytoplankton, Primary production, Submesoscale, Thermocline}
}

@article{frischknecht-2017-roms-bec-parameters,
    title = {{Local atmospheric forcing driving an unexpected California Current System response during the 2015-2016 El Ni{\~{n}}o}},
    year = {2017},
    journal = {Geophysical Research Letters},
    author = {Frischknecht, Martin and M{\"{u}}nnich, Matthias and Gruber, Nicolas},
    number = {1},
    month = {1},
    pages = {304--311},
    volume = {44},
    publisher = {Blackwell Publishing Ltd},
    url = {http://doi.wiley.com/10.1002/2016GL071316},
    doi = {10.1002/2016GL071316},
    issn = {00948276},
    keywords = {California current system, ENSO, El Nino, coastal oceanography, ecosystem, interannual variability}
}

@article{moore-2013-roms-bec-orig,
    title = {{Marine ecosystem dynamics and biogeochemical cycling in the community earth system model [CESM1(BGC)]: Comparison of the 1990s with the 2090s under the RCP4.5 and RCP8.5 scenarios}},
    year = {2013},
    journal = {Journal of Climate},
    author = {Moore, J. Keith and Lindsay, Keith and Doney, Scott C. and Long, Matthew C. and Misumi, Kazuhiro},
    number = {23},
    month = {12},
    pages = {9291--9312},
    volume = {26},
    publisher = {American Meteorological Society},
    url = {http://journals.ametsoc.org/jcli/article-pdf/26/23/9291/4027178/jcli-d-12-00566_1.pdf},
    doi = {10.1175/JCLI-D-12-00566.1},
    issn = {08948755},
    keywords = {Climate models, Climate prediction, Ecological models, Forecast verification/skill, Model evaluation/performance, Ocean models}
}

@article{martin-2001-vert-vel-mesoeddies,
    title = {{Mechanisms for vertical nutrient transport within a North Atlantic mesoscale eddy}},
    year = {2001},
    journal = {Deep-Sea Research Part II: Topical Studies in Oceanography},
    author = {Martin, Adrian P. and Richards, Kelvin J.},
    number = {4-5},
    month = {1},
    pages = {757--773},
    volume = {48},
    publisher = {Pergamon},
    doi = {10.1016/S0967-0645(00)00096-5},
    issn = {09670645}
}

@article{mcgilli-2016-meso-review,
    title = {{Mechanisms of Physical-Biological-Biogeochemical Interaction at the Oceanic Mesoscale}},
    year = {2016},
    journal = {Annual Review of Marine Science},
    author = {McGillicuddy, Dennis J.},
    number = {1},
    month = {1},
    pages = {125--159},
    volume = {8},
    publisher = {Annual Reviews Inc.},
    url = {http://www.annualreviews.org/doi/10.1146/annurev-marine-010814-015606},
    doi = {10.1146/annurev-marine-010814-015606},
    issn = {1941-1405},
    keywords = {Advection, Eddies, Eddy pumping, Eddy-driven stratification, Eddy-wind interaction, Plankton diversity}
}

@article{lovecchio-2018-faghmous-adaption,
    title = {{Mesoscale contribution to the long-range offshore transport of organic carbon from the Canary Upwelling System to the open North Atlantic}},
    year = {2018},
    journal = {Biogeosciences},
    author = {Lovecchio, Elisa and Gruber, Nicolas and M{\"{u}}nnich, Matthias},
    number = {16},
    month = {8},
    pages = {5061--5091},
    volume = {15},
    publisher = {Copernicus GmbH},
    url = {https://bg.copernicus.org/articles/15/5061/2018/},
    doi = {10.5194/bg-15-5061-2018},
    issn = {1726-4189}
}

@article{stukel-2017-carbon-export,
    title = {{Mesoscale ocean fronts enhance carbon export due to gravitational sinking and subduction}},
    year = {2017},
    journal = {Proceedings of the National Academy of Sciences of the United States of America},
    author = {Stukel, Michael R. and Aluwihare, Lihini I. and Barbeau, Katherine A. and Chekalyuk, Alexander M. and Goericke, Ralf and Miller, Arthur J. and Ohman, Mark D. and Ruacho, Angel and Song, Hajoon and Stephens, Brandon M. and Landry, Michael R.},
    number = {6},
    month = {2},
    pages = {1252--1257},
    volume = {114},
    publisher = {National Academy of Sciences},
    url = {www.pnas.org/cgi/doi/10.1073/pnas.1609435114},
    doi = {10.1073/pnas.1609435114},
    issn = {10916490},
    pmid = {28115723},
    keywords = {Biological carbon pump, Carbon cycle, Particle flux, Particulate organic carbon, Plankton}
}

@article{capet-2008-fronts1,
    title = {{Mesoscale to submesoscale transition in the California Current system. Part I: Flow structure, eddy flux, and observational tests}},
    year = {2008},
    journal = {Journal of Physical Oceanography},
    author = {Capet, Xavier and McWilliams, J. C. and Molemaker, M. J. and Shchepetkin, A. F.},
    number = {1},
    month = {1},
    pages = {29--43},
    volume = {38},
    publisher = {American Meteorological Society},
    url = {http://journals.ametsoc.org/jpo/article-pdf/38/1/29/3956573/2007jpo3671_1.pdf},
    doi = {10.1175/2007JPO3671.1},
    issn = {00223670}
}

@article{capet-2008-fronts2,
    title = {{Mesoscale to submesoscale transition in the California Current system. Part II: Frontal processes}},
    year = {2008},
    journal = {Journal of Physical Oceanography},
    author = {Capet, Xavier and McWilliams, J. C. and Molemaker, M. J. and Shchepetkin, A. F.},
    number = {1},
    month = {1},
    pages = {44--64},
    volume = {38},
    publisher = {American Meteorological Society},
    url = {http://journals.ametsoc.org/jpo/article-pdf/38/1/44/3957685/2007jpo3672_1.pdf},
    doi = {10.1175/2007JPO3672.1},
    issn = {00223670}
}

@article{capet-2008-fronts3,
    title = {{Mesoscale to submesoscale transition in the California current system. Part III: Energy balance and flux}},
    year = {2008},
    journal = {Journal of Physical Oceanography},
    author = {Capet, Xavier and McWilliams, J. C. and Molemaker, M. J. and Shchepetkin, A. F.},
    number = {10},
    month = {10},
    pages = {2256--2269},
    volume = {38},
    publisher = {American Meteorological Society},
    url = {http://journals.ametsoc.org/jpo/article-pdf/38/10/2256/4489433/2008jpo3810_1.pdf},
    doi = {10.1175/2008JPO3810.1},
    issn = {00223670}
}

@article{boccaletti-2007,
    title = {{Mixed layer instabilities and restratification}},
    year = {2007},
    journal = {Journal of Physical Oceanography},
    author = {Boccaletti, Giulio and Ferrari, Raffaele and Fox-Kemper, Baylor},
    number = {9},
    month = {9},
    pages = {2228--2250},
    volume = {37},
    publisher = {American Meteorological Society},
    url = {http://journals.ametsoc.org/jpo/article-pdf/37/9/2228/4488574/jpo3101_1.pdf},
    doi = {10.1175/JPO3101.1},
    issn = {00223670}
}

@article{aken-2003-temp-flux-anticyclones,
    title = {{Observations of a young Agulhas ring, Astrid, during MARE in March 2000}},
    year = {2003},
    journal = {Deep-Sea Research Part II: Topical Studies in Oceanography},
    author = {Van Aken, H. M. and Van Veldhoven, A. K. and Veth, C. and De Ruijter, W. P.M. and Van Leeuwen, P. J. and Drijfhout, S. S. and Whittle, C. P. and Rouault, M.},
    number = {1},
    month = {1},
    pages = {167--195},
    volume = {50},
    publisher = {Pergamon},
    doi = {10.1016/S0967-0645(02)00383-1},
    issn = {09670645}
}

@article{large-1994-roms-kpp,
    author = {Large, W. G. and McWilliams, J. C. and Doney, S. C.},
    title = {Oceanic vertical mixing: A review and a model with a nonlocal boundary layer parameterization},
    journal = {Reviews of Geophysics},
    volume = {32},
    number = {4},
    pages = {363-403},
    doi = {https://doi.org/10.1029/94RG01872},
    url = {https://agupubs.onlinelibrary.wiley.com/doi/abs/10.1029/94RG01872},
    eprint = {https://agupubs.onlinelibrary.wiley.com/doi/pdf/10.1029/94RG01872},
    year = {1994}
}

@article{klein-2019-review-subm,
    title = {{Ocean‐Scale Interactions From Space}},
    year = {2019},
    journal = {Earth and Space Science},
    author = {Klein, Patrice and Lapeyre, Guillaume and Siegelman, Lia and Qiu, Bo and Fu, Lee‐Lueng and Torres, Hector and Su, Zhan and Menemenlis, Dimitris and Le Gentil, Sylvie},
    number = {5},
    month = {5},
    pages = {795--817},
    volume = {6},
    publisher = {Wiley-Blackwell Publishing Ltd},
    url = {https://onlinelibrary.wiley.com/doi/10.1029/2018EA000492},
    doi = {10.1029/2018EA000492},
    issn = {2333-5084}
}

@article{cmip6-specs,
    title = {{OMIP contribution to CMIP6: experimental and diagnostic protocol for the physical component of the Ocean Model Intercomparison Project}},
    year = {2016},
    journal = {Geosci. Model Dev},
    author = {Griffies, Stephen M and Danabasoglu, Gokhan and Durack, Paul J and Adcroft, Alistair J and Balaji, V and B{\"{o}}ning, Claus W and Chassignet, Eric P and Curchitser, Enrique and Deshayes, Julie and Drange, Helge and Fox-Kemper, Baylor and Gleckler, Peter J and Gregory, Jonathan M and Haak, Helmuth and Hallberg, Robert W and Heimbach, Patrick and Hewitt, Helene T and Holland, David M and Ilyina, Tatiana and Jungclaus, Johann H and Komuro, Yoshiki and Krasting, John P and Large, William G and Marsland, Simon J and Masina, Simona and Mcdougall, Trevor J and Nurser, A J George and Orr, James C and Pirani, Anna and Qiao, Fangli and Stouffer, Ronald J and Taylor, Karl E and Treguier, Anne Marie and Tsujino, Hiroyuki and Uotila, Petteri and Valdivieso, Maria and Wang, Qiang and Winton, Michael and Yeager, Stephen G},
    pages = {3231--3296},
    volume = {9},
    url = {www.geosci-model-dev.net/9/3231/2016/},
    doi = {10.5194/gmd-9-3231-2016}
}

@article{mccreary-1987-dynamics-calcs,
    title = {{On the dynamics of the California Current system}},
    year = {1987},
    journal = {Journal of Marine Research},
    author = {McCreary, Julian P. and Kundu, Pijush K. and Chao, Sbenn-Yu},
    number = {1},
    month = {2},
    volume = {45},
    doi = {10.1357/002224087788400945},
    issn = {00222402}
}

@article{lathuliere-2010,
    title = {{On the role of the mesoscale circulation on an idealized coastal upwelling ecosystem}},
    year = {2010},
    journal = {Journal of Geophysical Research},
    author = {Lathuili{\`{e}}re, C. and Echevin, V. and L{\'{e}}vy, M. and Madec, G.},
    number = {C9},
    month = {9},
    pages = {C09018},
    volume = {115},
    publisher = {Blackwell Publishing Ltd},
    url = {http://doi.wiley.com/10.1029/2009JC005827},
    doi = {10.1029/2009JC005827},
    issn = {0148-0227},
    keywords = {mesoscale dynamics, primary production, upwelling}
}

@article{frischknecht-2018-3dpump,
    title = {{Origin, Transformation, and Fate: The Three-Dimensional Biological Pump in the California Current System}},
    year = {2018},
    journal = {Journal of Geophysical Research: Oceans},
    author = {Frischknecht, M. and M{\"{u}}nnich, M. and Gruber, N.},
    number = {11},
    month = {11},
    pages = {7939--7962},
    volume = {123},
    publisher = {Blackwell Publishing Ltd},
    url = {https://agupubs.onlinelibrary.wiley.com/doi/full/10.1029/2018JC013934},
    doi = {10.1029/2018JC013934},
    issn = {21699291},
    keywords = {California Current, biological production, biological pump, coastal ocean, nutrient transport, upwelling}
}

@article{foxkemper-2008-mle-param,
    title = {{Parameterization of mixed layer eddies. Part I: Theory and diagnosis}},
    year = {2008},
    journal = {Journal of Physical Oceanography},
    author = {Fox-Kemper, Baylor and Ferrari, Raffaele and Hallberg, Robert},
    number = {6},
    month = {6},
    pages = {1145--1165},
    volume = {38},
    publisher = {American Meteorological Society},
    url = {http://journals.ametsoc.org/jpo/article-pdf/38/6/1145/4495005/2007jpo3792_1.pdf},
    doi = {10.1175/2007JPO3792.1},
    issn = {00223670}
}

@article{renault-2016-decoupling-prod,
    title = {{Partial decoupling of primary productivity from upwelling in the California Current system}},
    year = {2016},
    journal = {Nature Geoscience},
    author = {Renault, Lionel and Deutsch, Curtis and McWilliams, James C. and Frenzel, Hartmut and Liang, Jun Hong and Colas, François},
    number = {7},
    month = {6},
    pages = {505--508},
    volume = {9},
    publisher = {Nature Publishing Group},
    url = {www.nature.com/naturegeoscience},
    doi = {10.1038/ngeo2722},
    issn = {17520908},
    keywords = {Carbon cycle, Marine biology, Physical oceanography}
}

@article{flierl-1981-trapping-theo,
    title = {{Particle Motions in Large-Amplitude Wave Fields}},
    year = {1981},
    journal = {Geophysical {\&} Astrophysical Fluid Dynamics},
    author = {Flierl, Glenn R.},
    number = {1-2},
    pages = {39--74},
    volume = {18},
    publisher = { Taylor {\&} Francis Group },
    url = {https://doi.org/10.1080/03091928108208773},
    doi = {10.1080/03091928108208773},
    issn = {10290419}
}

@article{behrenfeld-1997-vgpm,
    title = {{Photosynthetic rates derived from satellite-based chlorophyll concentration}},
    year = {1997},
    journal = {Limnology and Oceanography},
    author = {Behrenfeld, Michael J. and Falkowski, Paul G.},
    number = {1},
    month = {1},
    pages = {1--20},
    volume = {42},
    publisher = {American Society of Limnology and Oceanography Inc.},
    url = {https://aslopubs.onlinelibrary.wiley.com/doi/full/10.4319/lo.1997.42.1.0001},
    doi = {10.4319/lo.1997.42.1.0001},
    issn = {00243590}
}

@article{bograd-2001-physbiocoupling,
    title = {{Physical-biological coupling in the California Current during the 1997-99 El Ni{\~{n}}o-La Ni{\~{n}}a Cycle}},
    year = {2001},
    journal = {Geophysical Research Letters},
    author = {Bograd, Steven J. and Lynn, Ronald J.},
    number = {2},
    month = {1},
    pages = {275--278},
    volume = {28},
    publisher = {John Wiley {\&} Sons, Ltd},
    url = {http://doi.wiley.com/10.1029/2000GL012047},
    doi = {10.1029/2000GL012047},
    issn = {00948276}
}

@article{frischknecht-2015-remote,
    title = {{Remote versus local influence of ENSO on the California Current System}},
    year = {2015},
    journal = {Journal of Geophysical Research: Oceans},
    author = {Frischknecht, M. and M{\"{u}}nnich, M. and Gruber, N.},
    number = {2},
    month = {2},
    pages = {1353--1374},
    volume = {120},
    publisher = {Blackwell Publishing Ltd},
    url = {https://agupubs.onlinelibrary.wiley.com/doi/full/10.1002/2014JC010531 https://agupubs.onlinelibrary.wiley.com/doi/abs/10.1002/2014JC010531 https://agupubs.onlinelibrary.wiley.com/doi/10.1002/2014JC010531},
    doi = {10.1002/2014JC010531},
    issn = {21699291},
    keywords = {California Current System, ENSO, El Nino, upwelling}
}

@article {mcgilli-2008-response,
	author = {McGillicuddy, Dennis J. and Ledwell, James R. and Anderson, Laurence A.},
	title = {Response to Comment on ``Eddy/Wind Interactions Stimulate Extraordinary Mid-Ocean Plankton Blooms``},
	volume = {320},
	number = {5875},
	pages = {448--448},
	year = {2008},
	doi = {10.1126/science.1148974},
	publisher = {American Association for the Advancement of Science},
	issn = {0036-8075},
	URL = {https://science.sciencemag.org/content/320/5875/448.3},
	eprint = {https://science.sciencemag.org/content/320/5875/448.3.full.pdf},
	journal = {Science}
}

@article{falkowski-1991-eddy-pumping,
    title = {{Role of eddy pumping in enhancing primary production in the ocean}},
    year = {1991},
    journal = {Nature},
    author = {Falkowski, Paul G. and Ziemann, David and Kolber, Zbigniew and Bienfang, Paul K.},
    number = {6330},
    pages = {55--58},
    volume = {352},
    publisher = {Nature Publishing Group},
    url = {https://www.nature.com/articles/352055a0},
    doi = {10.1038/352055a0},
    issn = {00280836},
    keywords = {Humanities and Social Sciences, Science, multidisciplinary}
}

@article{gaube-2015-eddy-wind,
    title = {{Satellite observations of mesoscale eddy-induced Ekman pumping}},
    year = {2015},
    journal = {Journal of Physical Oceanography},
    author = {Gaube, Peter and Chelton, Dudley B. and Samelson, Roger M. and Schlax, Michael G. and O'Neill, Larry W.},
    number = {1},
    month = {1},
    pages = {104--132},
    volume = {45},
    publisher = {American Meteorological Society},
    url = {http://journals.ametsoc.org/jpo/article-pdf/45/1/104/4566326/jpo-d-14-0032_1.pdf},
    doi = {10.1175/JPO-D-14-0032.1},
    issn = {15200485},
    keywords = {Atm/Ocean Structure/Phenomena, Atmosphere-ocean interaction, Circulation/Dynamics, Eddies, Ekman pumping, Ekman pumping/transport, Observational techniques and algorithms, Satellite observations}
}

@article{tulloch-2011-inverse-altimeter,
    title = {{Scales, Growth rates, and spectral fluxes of baroclinic instability in the ocean}},
    year = {2011},
    journal = {Journal of Physical Oceanography},
    author = {Tulloch, Ross and Marshall, John and Hill, Chris and Smith, K. Shafer},
    number = {6},
    month = {6},
    pages = {1057--1076},
    volume = {41},
    publisher = {American Meteorological Society},
    url = {http://journals.ametsoc.org/jpo/article-pdf/41/6/1057/4516409/2011jpo4404_1.pdf},
    doi = {10.1175/2011JPO4404.1},
    issn = {00223670},
    keywords = {Baroclinic flows, Eddies, Instability, Mesoscale processes}
}

@article{callies-2015-seasonality-subm,
    title = {{Seasonality in submesoscale turbulence}},
    year = {2015},
    journal = {Nature Communications},
    author = {Callies, Jörn and Ferrari, Raffaele and Klymak, Jody M. and Gula, Jonathan},
    number = {1},
    month = {4},
    pages = {1--8},
    volume = {6},
    publisher = {Nature Publishing Group},
    url = {www.nature.com/naturecommunications},
    doi = {10.1038/ncomms7862},
    issn = {20411723},
    keywords = {Physical oceanography}
}

@article{mensa-2013-seasonality-mli,
    title = {{Seasonality of the submesoscale dynamics in the Gulf Stream region}},
    year = {2013},
    journal = {Ocean Dynamics},
    author = {Mensa, Jean Alberto and Garraffo, Zulema and Griffa, Annalisa and {\"{O}}zg{\"{o}}kmen, Tamay Mehmet and Haza, Angelique and Veneziani, Milena},
    number = {8},
    month = {8},
    pages = {923--941},
    volume = {63},
    publisher = {Springer},
    url = {https://link.springer.com/article/10.1007/s10236-013-0633-1},
    doi = {10.1007/s10236-013-0633-1},
    issn = {16167341},
    keywords = {Ageostrophic dynamics, Frontogenesis, Gulf Stream, HYCOM, Mixed layer instabilities, Multi-scale, Seasonality, Submesoscale}
}

@article{frenger-2015-so-eddy-phen,
    title = {{Southern Ocean eddy phenomenology}},
    year = {2015},
    journal = {Journal of Geophysical Research: Oceans},
    author = {Frenger, I. and M{\"{u}}nnich, M. and Gruber, N. and Knutti, R.},
    number = {11},
    month = {11},
    pages = {7413--7449},
    volume = {120},
    publisher = {Blackwell Publishing Ltd},
    url = {https://agupubs.onlinelibrary.wiley.com/doi/full/10.1002/2015JC011047},
    doi = {10.1002/2015JC011047},
    issn = {21699291},
    keywords = {Southern Ocean, mesoscale eddies, observations}
}

@article{mcwilliams-2016-subm-currents,
    author = {McWilliams, James C. },
    title = {Submesoscale currents in the ocean},
    journal = {Proceedings of the Royal Society A: Mathematical, Physical and Engineering Sciences},
    volume = {472},
    number = {2189},
    pages = {20160117},
    year = {2016},
    doi = {10.1098/rspa.2016.0117},
    URL = {https://royalsocietypublishing.org/doi/abs/10.1098/rspa.2016.0117},
    eprint = {https://royalsocietypublishing.org/doi/pdf/10.1098/rspa.2016.0117}
}

@article{kessouri-2020-seasonal-prod,
    title = {{Submesoscale currents modulate the seasonal cycle of nutrients and productivity in the California Current System}},
    year = {2020},
    journal = {Global Biogeochemical Cycles},
    author = {Kessouri, F. and Bianchi, D. and Renault, L. and McWilliams, J. C. and Frenzel, H. and Deutsch, C.},
    number = {10},
    month = {10},
    volume = {34},
    publisher = {American Geophysical Union (AGU)},
    url = {https://agupubs.onlinelibrary.wiley.com/doi/full/10.1029/2020GB006578},
    doi = {10.1029/2020gb006578},
    issn = {0886-6236},
    keywords = {California Current System, Submesoscale eddies, nitrogen cycle, primary production}
}

@article{schubert-2019-agulhas,
    title = {{Submesoscale Impacts on Mesoscale Agulhas Dynamics}},
    year = {2019},
    journal = {Journal of Advances in Modeling Earth Systems},
    author = {Schubert, R. and Schwarzkopf, F. U. and Baschek, B. and Biastoch, A.},
    number = {8},
    month = {8},
    pages = {2745--2767},
    volume = {11},
    publisher = {Blackwell Publishing Ltd},
    url = {https://onlinelibrary.wiley.com/doi/abs/10.1029/2019MS001724},
    doi = {10.1029/2019MS001724},
    issn = {1942-2466},
    keywords = {Agulhas, model validation, satellite observations, scale interaction, spectral analysis, submesoscale dynamics}
}

@article{brannigan-2017,
    title = {{Submesoscale instabilities in mesoscale eddies}},
    year = {2017},
    journal = {Journal of Physical Oceanography},
    author = {Brannigan, Liam and Marshall, David P. and Garabato, Alberto C.Naveira and Nurser, A. J.George and Kaiser, Jan},
    number = {12},
    month = {12},
    pages = {3061--3085},
    volume = {47},
    publisher = {American Meteorological Society},
    url = {www.ametsoc.org/PUBSReuseLicenses},
    doi = {10.1175/JPO-D-16-0178.1},
    issn = {15200485},
    keywords = {Ageostrophic circulations, Anticyclones, Eddies, Ocean models, Subgrid-scale processes, Upwelling/downwelling}
}

@incollection{thomas-2008-subm,
    title = {{Submesoscale processes and dynamics}},
    year = {2008},
    booktitle = {Geophysical Monograph Series},
    author = {Thomas, Leif N. and Tandon, Amit and Mahadevan, Amala},
    pages = {17--38},
    volume = {177},
    publisher = {Blackwell Publishing Ltd},
    url = {https://agupubs.onlinelibrary.wiley.com/doi/full/10.1029/177GM04},
    isbn = {9781118666432},
    doi = {10.1029/177GM04},
    issn = {23288779},
    keywords = {Ocean circulation—Mathematical models, Oceanography—Mathematical models}
}

@article{mcwilliams-1985-scv,
    author = {McWilliams, James C.},
    title = {Submesoscale, coherent vortices in the ocean},
    journal = {Reviews of Geophysics},
    volume = {23},
    number = {2},
    pages = {165-182},
    doi = {https://doi.org/10.1029/RG023i002p00165},
    url = {https://agupubs.onlinelibrary.wiley.com/doi/abs/10.1029/RG023i002p00165},
    eprint = {https://agupubs.onlinelibrary.wiley.com/doi/pdf/10.1029/RG023i002p00165},
    year = {1985}
}

@article{whitt-2019-subm-flux-storm,
    title = {{Submesoscales Enhance Storm‐Driven Vertical Mixing of Nutrients: Insights From a Biogeochemical Large Eddy Simulation}},
    year = {2019},
    journal = {Journal of Geophysical Research: Oceans},
    author = {Whitt, D. B. and L{\'{e}}vy, M. and Taylor, J. R.},
    number = {11},
    month = {11},
    pages = {8140--8165},
    volume = {124},
    publisher = {Blackwell Publishing Ltd},
    url = {https://onlinelibrary.wiley.com/doi/10.1029/2019JC015370},
    doi = {10.1029/2019JC015370},
    issn = {2169-9275},
    keywords = {large eddy simulation, phytoplankton bloom, storms, submesoscales, turbulence}
}

@article{thomas-2013-classification-sym-inst,
    title = {{Symmetric instability in the Gulf Stream}},
    year = {2013},
    journal = {Deep-Sea Research Part II: Topical Studies in Oceanography},
    author = {Thomas, Leif N. and Taylor, John R. and Ferrari, Raffaele and Joyce, Terrence M.},
    month = {7},
    pages = {96--110},
    volume = {91},
    publisher = {Pergamon},
    doi = {10.1016/j.dsr2.2013.02.025},
    issn = {09670645},
    keywords = {Fronts, Ocean circulation energy, Subtropical mode water, Upper-ocean turbulence}
}

@article{roms-era5,
    title = {{The ERA5 global reanalysis}},
    year = {2020},
    journal = {Quarterly Journal of the Royal Meteorological Society},
    author = {Hersbach, Hans and Bell, Bill and Berrisford, Paul and Hirahara, Shoji and Hor{\'{a}}nyi, András and Mu{\~{n}}oz‐Sabater, Joaquín and Nicolas, Julien and Peubey, Carole and Radu, Raluca and Schepers, Dinand and Simmons, Adrian and Soci, Cornel and Abdalla, Saleh and Abellan, Xavier and Balsamo, Gianpaolo and Bechtold, Peter and Biavati, Gionata and Bidlot, Jean and Bonavita, Massimo and Chiara, Giovanna and Dahlgren, Per and Dee, Dick and Diamantakis, Michail and Dragani, Rossana and Flemming, Johannes and Forbes, Richard and Fuentes, Manuel and Geer, Alan and Haimberger, Leo and Healy, Sean and Hogan, Robin J. and H{\'{o}}lm, Elías and Janiskov{\'{a}}, Marta and Keeley, Sarah and Laloyaux, Patrick and Lopez, Philippe and Lupu, Cristina and Radnoti, Gabor and Rosnay, Patricia and Rozum, Iryna and Vamborg, Freja and Villaume, Sebastien and Th{\'{e}}paut, Jean‐Noël},
    number = {730},
    month = {7},
    volume = {146},
    doi = {10.1002/qj.3803},
    issn = {0035-9009}
}

@article{mahadevan-2016-subm-review,
    title = {{The Impact of Submesoscale Physics on Primary Productivity of Plankton}},
    year = {2016},
    journal = {Annual Review of Marine Science},
    author = {Mahadevan, Amala},
    number = {1},
    month = {1},
    pages = {161--184},
    volume = {8},
    publisher = {Annual Reviews Inc.},
    url = {http://www.annualreviews.org/doi/10.1146/annurev-marine-010814-015912},
    doi = {10.1146/annurev-marine-010814-015912},
    issn = {1941-1405},
    keywords = {Eddies, Fronts, Mixed layer, Nutrients, Phytoplankton, Primary production, Submesoscale}
}

@article{chelton-2011-surfacechl,
    title = {{The influence of nonlinear mesoscale eddies on near-surface oceanic chlorophyll}},
    year = {2011},
    journal = {Science},
    author = {Chelton, Dudley B. and Gaube, Peter and Schlax, Michael G. and Early, Jeffrey J. and Samelson, Roger M.},
    number = {6054},
    month = {10},
    pages = {328--332},
    volume = {334},
    publisher = {American Association for the Advancement of Science},
    url = {http://science.sciencemag.org/},
    doi = {10.1126/science.1208897},
    issn = {10959203}
}

@incollection{mcwilliams-2008-nature-eddies,
    title = {{The nature and consequences of oceanic eddies}},
    year = {2008},
    booktitle = {Geophysical Monograph Series},
    author = {McWilliams, James C.},
    pages = {5--15},
    volume = {177},
    publisher = {Blackwell Publishing Ltd},
    url = {https://agupubs.onlinelibrary.wiley.com/doi/full/10.1029/177GM03},
    isbn = {9781118666432},
    doi = {10.1029/177GM03},
    issn = {23288779},
    keywords = {Ocean circulation—Mathematical models, Oceanography—Mathematical models}
}

@phdthesis{rieck-2019-thesis-eke,
    title = {{The Nature and Variability of Eddy Kinetic Energy in an Ocean General Circulation Model With a Focus on the South Pacific Subtropical Gyre and the Labrador Sea}},
    year = {2019},
    school = {Christians-Albrecht-Universit\"at},
    author = {Rieck, Jan Klaus},
    url = {https://macau.uni-kiel.de/rsc/thumbnail/diss_mods_00025123.png},
    address = {Kiel},
    keywords = {Eddy Kinetic Energy; Decadal Variability; Ocean General Circulation Model; Labrador Sea; Deep Convection; South Pacific Subtropical Countercurrent},
    language = {en}
}

@incollection{longhurst-2007-empfehlung-urs,
    title = {{THE PACIFIC OCEAN}},
    year = {2007},
    booktitle = {Ecological Geography of the Sea},
    author = {Longhurst, Alan R.},
    month = {1},
    pages = {399--403},
    publisher = {Elsevier},
    doi = {10.1016/b978-012455521-1/50012-7}
}

@article{renault-2020-model-descr,
    title = {{The Physical Structure and Behavior of the California Current System}},
    year = {2020},
    journal = {bioRxiv},
    author = {Renault, Lionel and McWilliams, James and Jousse, Alexandre and Deutsch, Curtis and Frenzel, Hartmut and Kessouri, Faycal and Chen, Ru},
    month = {2},
    pages = {2020.02.10.942730},
    publisher = {Cold Spring Harbor Laboratory},
    url = {https://doi.org/10.1101/2020.02.10.942730},
    doi = {10.1101/2020.02.10.942730}
}

@article{shchepetkin-2005-roms-orig,
    title = {{The regional oceanic modeling system (ROMS): A split-explicit, free-surface, topography-following-coordinate oceanic model}},
    year = {2005},
    journal = {Ocean Modelling},
    author = {Shchepetkin, Alexander F. and McWilliams, James C.},
    number = {4},
    month = {1},
    pages = {347--404},
    volume = {9},
    publisher = {Elsevier},
    doi = {10.1016/j.ocemod.2004.08.002},
    issn = {14635003}
}

@article{levy-2018-role-structuring,
    title = {{The role of submesoscale currents in structuring marine ecosystems}},
    year = {2018},
    journal = {Nature Communications},
    author = {L{\'{e}}vy, Marina and Franks, Peter J.S. and Smith, K. Shafer},
    number = {1},
    month = {12},
    pages = {1--16},
    volume = {9},
    publisher = {Nature Publishing Group},
    url = {www.nature.com/naturecommunications},
    doi = {10.1038/s41467-018-07059-3},
    issn = {20411723},
    keywords = {Marine biology, Ocean sciences}
}

@article{dong-2020-seasonality-subm,
    title = {{The Seasonality of Submesoscale Energy Production, Content, and Cascade}},
    year = {2020},
    journal = {Geophysical Research Letters},
    author = {Dong, Jihai and Fox‐Kemper, Baylor and Zhang, Hong and Dong, Changming},
    number = {6},
    month = {3},
    volume = {47},
    publisher = {Blackwell Publishing Ltd},
    url = {https://onlinelibrary.wiley.com/doi/abs/10.1029/2020GL087388},
    doi = {10.1029/2020GL087388},
    issn = {0094-8276},
    keywords = {Kuroshio extension, Submesoscale, energy cascade, mixed layer instability, nonlinear interaction}
}

@article{schubert-2020-subm-energy-cascade,
    title = {{The submesoscale kinetic energy cascade: Mesoscale absorption of submesoscale mixed layer eddies and frontal downscale fluxes}},
    year = {2020},
    journal = {Journal of Physical Oceanography},
    author = {Schubert, René and Gula, Jonathan and Greatbatch, Richard J. and Baschek, Burkard and Biastoch, Arne},
    number = {9},
    month = {9},
    pages = {2573--2589},
    volume = {50},
    publisher = {American Meteorological Society},
    doi = {10.1175/JPO-D-19-0311.1},
    issn = {15200485}
}

@article{kahru-2009-calcs-npp-obs,
    title = {{Trends in primary production in the California Current detected with satellite data}},
    year = {2009},
    journal = {Journal of Geophysical Research},
    author = {Kahru, Mati and Kudela, Raphael and Manzano-Sarabia, Marlenne and Mitchell, B. Greg},
    number = {C2},
    month = {2},
    pages = {C02004},
    volume = {114},
    publisher = {Blackwell Publishing Ltd},
    url = {http://doi.wiley.com/10.1029/2008JC004979},
    doi = {10.1029/2008JC004979},
    issn = {0148-0227},
    keywords = {eastern boundary currents, global change, primary production}
}

@article{kelly-1998-eke-obs,
    title = {{Variability of the near-surface eddy kinetic energy in the California current based on altimetric, drifter, and moored current data}},
    year = {1998},
    journal = {Journal of Geophysical Research: Oceans},
    author = {Kelly, Kathryn A. and Beardsley, Robert C. and Limeburner, Richard and Brink, Kenneth H. and Paduan, Jeffrey D. and Chereskin, Teresa K.},
    number = {3336},
    month = {6},
    pages = {13067--13083},
    volume = {103},
    publisher = {Blackwell Publishing Ltd},
    url = {https://agupubs.onlinelibrary.wiley.com/doi/full/10.1029/97JC03760},
    doi = {10.1029/97jc03760},
    issn = {21699291}
}

@article{checkley-2009-currentstructure-calcs,
    title = {{Patterns and processes in the California Current System}},
    year = {2009},
    journal = {Progress in Oceanography},
    author = {Checkley, David M. and Barth, John A.},
    number = {1-4},
    month = {1},
    pages = {49--64},
    volume = {83},
    publisher = {Pergamon},
    doi = {10.1016/j.pocean.2009.07.028},
    issn = {00796611}
}

@article{ducet-2000-first-ssh,
    title = {{Global high-resolution mapping of ocean circulation from TOPEX/Poseidon and ERS-1 and -2}},
    year = {2000},
    journal = {Journal of Geophysical Research: Oceans},
    author = {Ducet, N. and Le Traon, P. Y. and Reverdin, G.},
    number = {C8},
    month = {8},
    pages = {19477--19498},
    volume = {105},
    publisher = {Blackwell Publishing Ltd},
    url = {https://agupubs.onlinelibrary.wiley.com/doi/full/10.1029/2000JC900063},
    doi = {10.1029/2000jc900063},
    issn = {21699291}
}

@article{gaube-2014-observations-mesoeddies,
    title = {{Regional variations in the influence of mesoscale eddies on near-surface chlorophyll}},
    year = {2014},
    journal = {Journal of Geophysical Research: Oceans},
    author = {Gaube, Peter and McGillicuddy, Dennis J. and Chelton, Dudley B. and Behrenfeld, Michael J. and Strutton, Peter G.},
    number = {12},
    month = {12},
    pages = {8195--8220},
    volume = {119},
    publisher = {Blackwell Publishing Ltd},
    url = {https://agupubs.onlinelibrary.wiley.com/doi/full/10.1002/2014JC010111},
    doi = {10.1002/2014JC010111},
    issn = {21699291},
    keywords = {mesoscale eddies, physical-biological interaction, satellite observations}
}